%  Pranavi

@article{ softwaremetricsandsoftwaremetrology_2010,
    title = {Halsteads Metrics: Analysis of Their Designs},
    doi = {10.1002/9780470606834.ch7},
    journal = {Software Metrics and Software Metrology},
    year = {2010},
    pages = {145–159}
}

% Jules

% Claudio
    % S118 for cohision
@article{s118_cohision,
author = {Kaur, Kuljit and Singh, Hardeep},
year = {2011},
month = {02},
pages = {351-354},
title = {Towards a Valid Metric for Class Cohesion at Design Level},
volume = {0},
isbn = {978-0-7695-4329-1},
journal = {Emerging Applications of Information Technology, International Conference on},
doi = {10.1109/EAIT.2011.76}
}

    % S88 for coupling
@article{s88_coupling,
 author = {Geetika, Rani and Singh, Paramvir},
 title = {Empirical Investigation into Static and Dynamic Coupling Metrics},
 journal = {SIGSOFT Softw. Eng. Notes},
 issue_date = {January 2014},
 volume = {39},
 number = {1},
 month = feb,
 year = {2014},
 issn = {0163-5948},
 pages = {1--8},
 numpages = {8},
 url = {http://doi.acm.org.miman.bib.bth.se/10.1145/2557833.2557847},
 doi = {10.1145/2557833.2557847},
 acmid = {2557847},
 publisher = {ACM},
 address = {New York, NY, USA},
 keywords = {coupling, dynamic metrics, empirical validation, object oriented software, runtime analysis},
} 



% Vassilis

@inproceedings{ 5609739,
    author =    {G. {Bavota} and R. {Oliveto} and A. {De Lucia} and G. {Antoniol} and Y. {Guéhéneuc}},
    booktitle = {2010 IEEE International Conference on Software Maintenance},
    title =     {Playing with refactoring: Identifying extract class opportunities through game theory},
    year =      {2010},
    pages =     {1-5},
    keywords =  {game theory;software maintenance;software quality;extract class refactoring opportunity identification;software engineering;software quality;software refactoring;recommendation systems;game theory techniques;mutation testing;Couplings;Games;Nash equilibrium;Software engineering;Semantics;Software;Game Theory;Quality metrics;Refactoring},
    doi =       {10.1109/ICSM.2010.5609739},
    ISSN =      {1063-6773},
    month =     {Sep.}
}

@inproceedings{ 6269563,
    author =    {H. A. {Al-Jamimi} and M. {Ahmed}},
    booktitle = {2012 IEEE International Conference on Computer Science and Automation Engineering},
    title =     {Prediction of software maintainability using fuzzy logic},
    year =      {2012},
    pages =     {702-705},
    keywords =  {fuzzy logic;object-oriented methods;software maintenance;software metrics;software quality;software maintainability prediction;fuzzy logic;object oriented metrics;product quality measurement;external quality attribute;internal quality attribute;historical data;human expert;imprecision handling;uncertainty handling;Measurement uncertainty;Training data;Software;mainatinability;fuzzy logic;software quality;prediction model},
    doi =       {10.1109/ICSESS.2012.6269563},
    ISSN =      {2327-0586},
    month =     {June}
}

@inproceedings{ 5609687,
    author =    {M. {Gethers} and D. {Poshyvanyk}},
    booktitle = {2010 IEEE International Conference on Software Maintenance},
    title =     {Using Relational Topic Models to capture coupling among classes in object-oriented software systems},
    year =      {2010},
    pages =     {1-10},
    keywords =  {object-oriented methods;software metrics;source coding;relational topic model;object oriented software system;coupling metrics;software metrics;source code element;relational topic based coupling;open source software system;relational topic models;generative probabilistic model;Couplings;Software systems;Object oriented modeling;Bismuth;Software measurement;Strontium},
    doi =       {10.1109/ICSM.2010.5609687},
    ISSN =      {1063-6773},
    month =     {Sep.}
}